@book{ModernControlSystem,
 	place			={Upper Saddle River, NJ},
	title			={Modern control systems},
 	publisher		={Pearson Prentice Hall},
 	author			={Dorf, Richard C. and Bishop, Robert H.},
 	year			={2011}}
 
@book{CInANutShell,
	place			={1005 Gravenstein Highway North, Sebastopol, CA 95472},
	title			={C in a nutshell},
	publisher		={O’Reilly Media, Inc.},
	author			={Prinz, Peter and Crawford, Tony},
	year			={2016}}

@book{DigitalDesignPrinciplesAndPractices,
	place			={Upper Saddle River, NJ},
	title			={Digital design: principles and practices},
	publisher		={Pearson/Prentice Hall},
	author			={Wakerly, John F.},
	year			={2006}}

@book{StructuredComputerOrganization,
	place			={Englewood Cliffs, NJ},
	title			={Structured computer organization},
	publisher		={Prentice-Hall},
	author			={Tanenbaum, Andrew S.},
	year			={1984}}
 
@misc{emg30Data,
 	title			={EMG30 data},
 	url				={http://www.robot-electronics.co.uk/htm/emg30.htm},
 	journal			={EMG30 data}}

 @book{azevedo2013,
 	place			={Heidelberg},
	title			={Advances in Sustainable and Competitive Manufacturing Systems 23rd International Conference on Flexible Automation and Intelligent Manufacturing},
 	publisher		={Springer International Publishing},
 	author			={Azevedo Americo},
 	year			={2013}}
 	
@misc{FreeRTOSorg,
	title			={FreeRTOS - Market leading RTOS (Real Time Operating System) for embedded systems with Internet of Things extensions},
	url				={http://www.freertos.org/},
	journal			={FreeRTOS - Market leading RTOS (Real Time Operating System) for embedded systems with Internet of Things extensions}}

@misc{TM4C123GH6PMDatasheet,
	title			={Tiva™ TM4C123GH6PM Microcontroller},
	url				={http://www.ti.com/lit/ds/spms376e/spms376e.pdf},
	journal			={Tiva™ TM4C123GH6PM Microcontroller},
	publisher		={TEXAS INSTRUMENTS},
	author			={TEXAS INSTRUMENTS}}

@misc{Nexys2Datasheet,
	title			={Digilent Nexys 2 datasheet},
	url				={http://www.st.ewi.tudelft.nl/~gemund/courses/in4073/resources/nexys2_reference_manual.pdf},
	journal			={Nexys 2 datasheet}, 
	publisher		={Digilent},
	author			={Digilent}}
	
@misc{Pyephem, 
	title			={Pyephem}, 
	url				={http://rhodesmill.org/pyephem/}, 
	journal			={PyEphem home page}}
	
@misc{https://www.space-track.org, 
	title			={Space-Track}, 
	url				={https://www.space-track.org}, 
	journal			={https://www.space-track.org}}
	
@misc{L6203,
	title			={Datasheet L6203},
	url				={http://users.ece.utexas.edu/~valvano/datasheets/l6203.pdf},
	journal			={Datasheet L6203},
	author			={SGS-THOMSON Microelectronics}} 
